<record><leader>00000cas a22000007a 4500</leader><controlfield tag="001">14584459</controlfield><controlfield tag="008">861031d19631966inuwr ne      0    0eng d</controlfield><datafield ind1=" " ind2=" " tag="010"><subfield code="a">sn 86058899 </subfield></datafield><datafield ind1=" " ind2=" " tag="040"><subfield code="a">NPI</subfield><subfield code="b">eng</subfield><subfield code="c">NPI</subfield><subfield code="d">OCLCQ</subfield></datafield><datafield ind1=" " ind2=" " tag="042"><subfield code="a">msc</subfield></datafield><datafield ind1="0" ind2="4" tag="245"><subfield code="a">The Brownsburg guide.</subfield></datafield><datafield ind1=" " ind2=" " tag="260"><subfield code="a">Brownsburg, Ind. :</subfield><subfield code="b">[s.n.],</subfield><subfield code="c">1963-1966.</subfield></datafield><datafield ind1=" " ind2=" " tag="300"><subfield code="a">v.</subfield></datafield><datafield ind1=" " ind2=" " tag="310"><subfield code="a">Weekly</subfield></datafield><datafield ind1="0" ind2=" " tag="362"><subfield code="a">Vol. 1, no. 1 (Apr. 10, 1963)-v. 3, no. 42 (Jan. 26, 1966).</subfield></datafield><datafield ind1=" " ind2=" " tag="752"><subfield code="a">United States</subfield><subfield code="b">Indiana</subfield><subfield code="c">Hendricks</subfield><subfield code="d">Brownsburg.</subfield></datafield><datafield ind1="0" ind2="7" tag="785"><subfield code="t">Brownsburg record</subfield><subfield code="w">(DLC)sn 86058898</subfield></datafield><datafield ind1="0" ind2="7" tag="785"><subfield code="t">Guide (Brownsburg, Ind.)</subfield><subfield code="w">(DLC)sn 86058900</subfield></datafield></record>